
@MANUAL{ PMSM-Kinetis,
  AUTHOR = {Freescale Semiconductor Inc.},
  TITLE  = {PMSM Vector Control with Quadrature Encoder on Kinetis},
  YEAR   = {2012},
  URL    = {http://cache.freescale.com/files/microcontrollers/doc/ref_manual/DRM128.pdf},
  URLDATE= {2015-06-22},
}

@MISC{ Meciar,
  AUTHOR = {Radek Mečiar},
  TITLE  = {Řízení motorů s deskou Raspberry Pi a Linuxem},
  YEAR   = {2014},
  URL    = {http://support.dce.felk.cvut.cz/mediawiki/images/1/10/Bp_2014_meciar_radek.pdf},
  URLDATE= {2015-04-20},
}

@MISC{ Meloun,
  AUTHOR = {Martin Meloun},
  TITLE  = {FPGA Based Robotic Motion Control System},
  YEAR   = {2014},
  URL    = {https://dspace.cvut.cz/bitstream/handle/10467/23347/F3-DP-2014-Meloun-Martin-prace.pdf?sequence=3},
  URLDATE= {2015-04-20},
}

@MANUAL{ Libero_ug,
  AUTHOR = {Microsemi Corporation},
  TITLE  = {Libero SoC v11.5 User's Guide},
  YEAR   = {2015},
  URL    = {http://www.microsemi.com/document-portal/doc_download/130850-libero-soc-v11-5-user-s-guide},
  URLDATE= {2015-04-20},
  }

@MANUAL{ AGL125,
  AUTHOR = {Microsemi Corporation},
  TITLE  = {IGLOO Low Power Flash FPGAs Datasheet},
  YEAR   = {2014},
  URL    = {http://www.microsemi.com/document-portal/doc_download/130694-igloo-low-power-flash-fpgas-datasheet},
  URLDATE= {2015-04-20},
}

@MANUAL{ rt-wiki,
  AUTHOR = {Theodore Ts'o and Darren Hart and John Kacur},
  TITLE  = {Real-Time Linux Wiki },
  URL    = {https://rt.wiki.kernel.org/index.php/Main_Page},
  URLDATE= {2015-04-20},
}

@MANUAL{ ARM11,
  AUTHOR = {ARM Holdings plc},
  TITLE  = {ARM1176JZF-S Technical Reference Manual},
  YEAR   = {2009},
  URL    = {http://infocenter.arm.com/help/topic/com.arm.doc.ddi0301h/DDI0301H_arm1176jzfs_r0p7_trm.pdf},
  URLDATE= {2015-04-23},
}

@MISC{ RPi_comp,
  AUTHOR = {Jive},
  TITLE  = {Raspberry Pi Model A+, A, B+, B, Compute
Module Dev Kit Comparison Chart},
  YEAR   = {2014},
  URL    = {http://misapuntesde.com/res/Rpi%20Model%20Comparison.pdf},
  URLDATE= {2015-04-23},
}

@MANUAL{ CA_VFP,
  AUTHOR = {ARM Holdings plc},
  TITLE  = {Cortex-A7 Floating-Point Unit},
  YEAR   = {2012},
  URL    = {http://infocenter.arm.com/help/topic/com.arm.doc.ddi0463d/DDI0463D_cortex_a7_fpu_r0p3_trm.pdf},
  URLDATE= {2015-04-23},
}

@BOOK{ ESD,
  AUTHOR = {Forbes, T. Brown},
  TITLE  = {Engineering System Dynamics},
  YEAR   = {1987},
  PUBLISHER = { Taylor and Francis },
  YEAR = { 2007 },
  KEYWORDS = { Bond graph },
  ISBN = {0-8493-9648-4},
  EDITION = {Edition 2},
}

@MANUAL{ Chen86,
  AUTHOR = {Chen, Pehong},
  TITLE  = {Index Preparation and Processing},
  YEAR   = {1986},
}

@MANUAL{ Wagner92,
  AUTHOR = {Wagner, Zdeněk},
  TITLE  = {{CsIndex} v.2.11 czech/slovak implementation of -- česká slovenská implementace programu {MakeIndex}},
  YEAR   = {1992},
  MONTH  = aug,
  URL    = {http://mi21.vsb.cz/sites/mi21.vsb.cz/files/csindex.pdf},
}

@MISC{ xindy,
  AUTHOR = {Schrod, Joachim},
  TITLE  = {{Xindy}},
  URL    = {http://xindy.sourceforge.net/},
  URLDATE= {2012-12-13},
}

@MISC{ CVUT-FEL-rocenka11,
  AUTHOR = {ČVUT v~Praze, FEL},
  TITLE  = {Výroční zpráva za rok 2011},
  YEAR   = {2012},
  URL    = {http://www.fel.cvut.cz/rozvoj/vyrocni-zprava2011.pdf},
}

@MANUAL{ longtable,
  AUTHOR = {Carlisle, David},
  TITLE  = {The longtable package},
  YEAR   = {2004},
  MONTH  = feb,
  URL    = {http://mirrors.ctan.org/macros/latex/required/tools/longtable.pdf},
}

@MANUAL{ epslatex,
  AUTHOR = {Reckdahl, Keith},
  TITLE  = {Using Imported Graphics in {\LaTeX} and {pdf\LaTeX}},
  YEAR   = {2006},
  MONTH  = jan,
  URL    = {http://mirrors.ctan.org/info/epslatex/english/epslatex.pdf},
}

@MANUAL{ amsmath,
  AUTHOR = {American Mathematical Society},
  TITLE  = {User's Guide for the amsmath Package},
  YEAR   = {1999},
  MONTH  = dec,
  URL    = {ftp://ftp.ams.org/pub/tex/doc/amsmath/amsldoc.pdf},
}

@MISC{ texniccenter,
  TITLE  = {{\TeX{}nicCenter}},
  URL    = {http://www.texniccenter.org/},
  URLDATE= {2012-12-13},
  KEY    = {texniccenter},
}

@MISC{ xemacs,
  TITLE  = {{XEmacs}},
  URL     = {http://www.xemacs.org/},
  URLDATE= {2012-12-13},
  KEY    = {xemac},
}

@MISC{ texworks,
  TITLE  = {{\TeX{}works}},
  URL    = {http://www.tug.org/texworks/},
  URLDATE= {2012-12-13},
  KEY    = {texworks},
}

@BOOK{ Rybicka02,
       AUTHOR = { Rybička, Jiří },
        TITLE = { {\LaTeX} pro začátečníky },
    PUBLISHER = { Konvoj },
         YEAR = { 2002 },
     KEYWORDS = { LaTeX, TeX, document preparation },
         ISBN = {80-7302-049-1},
      EDITION = {Edition 3},
}

@BOOK{ Kopka04,
  AUTHOR =    {Kopka, Helmut and Daly, Patrick W.},
  TITLE =     {Guide to {\LaTeX}},
  PUBLISHER = {Addison-Wesley},
  YEAR =      {2003},
  MONTH =     nov,
  EDITION =   {Edition 4},
  PAGES =     {624},
  ISBN =      {0-321-17385-6},
}

@BOOK{ jemny,
  AUTHOR = {Michael Doob},
  TITLE  = {Jemný úvod do \TeX{}u},
  PUBLISHER = {CSTUG},
  YEAR   = {1997},
  URL    = {ftp://math.feld.cvut.cz/pub/cstex/doc/jemny.tar.gz},
}
@BOOK{ latexcompanion2nd,
  AUTHOR =    {Frank Mittelbach and Michel Goossens and Johannes Braams
               and David Carlisle and Chris Rowley},
  TITLE =     {{\LaTeX} Companion},
  PUBLISHER = {Addison-Wesley},
  YEAR =      {2004},
  MONTH =     apr,
  EDITION =   {Edition 2},
  PAGES =     {1120},
  ISBN =      {0-201-36299-6},
}

@BOOK{ latexgraphicscompanion2nd,
  AUTHOR =    {Michel Goossens and Frank Mittelbach and Sebastian Rahtz
               and Denis Roegel and Herbert Voss},
  TITLE =     {{\LaTeX} Graphics Companion},
  PUBLISHER = {Addison-Wesley},
  YEAR =      {2007},
  MONTH =     aug,
  EDITION =   {Edition 2},
  PAGES =     {976},
  ISBN =      {0-321-50892-0},
}

@MANUAL{ Oetiker11,
  TITLE =  {The not so short introduction to {\LaTeX2e}},
  AUTHOR = {Tobias Oetiker and Hubert Partl and Irene Hyna and Elisabeth Schlegl},
  YEAR =   {2011},
  URL =    {http://tobi.oetiker.ch/lshort/lshort.pdf},
}

@MANUAL{ nestrucLaTeX,
  TITLE =  {Nepříliš stručný úvod do systému {\LaTeX}},
  AUTHOR = {Tobias Oetiker and Hubert Partl and Irene Hyna
                   and Elisabeth Schlegl and Michal Kočer and Pavel Sýkora},
  YEAR =   {1998},
  URL =    {www.penguin.cz/~kocer/texty/lshort2e/lshort2e-cz.pdf},
}

@BOOK{ texbook,
       AUTHOR = {Knuth, Donald Ervin},
        TITLE = {Computer \& Typesetting A: The~{\TeX}book},
    PUBLISHER = {Addison Wesley},
         YEAR = {1994},
      ADDRESS = {Boston},
         ISBN = {02-011-3448-9},
}

@BOOK{ tbn,
  AUTHOR =    {Olšák, Petr},
  TITLE =     {{\TeX}book naruby},
  PUBLISHER = {Konvoj},
  ADDRESS =   {Brno},
  YEAR =      {2001},
  ISBN =      {80-7302-007-6},
  URL  =      {http://petr.olsak.net/tbn.html},
}

@BOOK{ tst,
  AUTHOR =    {Olšák, Petr},
  TITLE =     {Typografický systém {\TeX}},
  PUBLISHER = {Konvoj},
  ADDRESS =   {Brno},
  YEAR =      {1998},
  ISBN =      {80-85615-91-6},
  URL  =      {http://petr.olsak.net/tst.html},
}

@MANUAL{ prvni,
  AUTHOR =    {Olšák, Petr},
  TITLE =     {První setkání s \TeX{}em},
  YEAR =      {1999, 2012},
  URL  =      {http://petr.olsak.net/ftp/cstex/doc/prvni.pdf},
}

@MANUAL{ tpp,
  AUTHOR =    {Olšák, Petr},
  TITLE =     {\TeX{} pro pragmatiky},
  YEAR =      {2013},
  URL  =      {http://petr.olsak.net/tpp.html},
}

@MISC{ texlive,
  TITLE  = {{\TeX{}Live}},
  YEAR   = {2012},
  URL    = {http://www.tug.org/texlive/},
  URLDATE= {2012-12-13},
  KEY    = {TeXLive},
}

@MISC{ csplain,
  AUTHOR = {Olšák, Petr},
  TITLE  = {{\csplain}},
  YEAR   = {1992--2013},
  URL    = {http://petr.olsak.net/csplain.html},
  URLDATE= {2012-12-13},
}

@MISC{ opmac,
  AUTHOR = {Olšák, Petr},
  TITLE  = {{OPmac}},
  YEAR   = {2012},
  URL    = {http://petr.olsak.net/opmac.html},
  URLDATE= {2012-12-13},
}

@MISC{ LatinModern,
  TITLE  = {{Latin Modern} font family},
  AUTHOR = {Jackowski, Bogusław and Nowacki, Janusz M.},
  URL    = {http://oldwww.gust.org.pl/projects/e-foundry/latin-modern},
  URLDATE= {2012-12-13},
}

@MISC{ vlna,
  TITLE  = {Program vlna},
  AUTHOR = {Olšák, Petr},
  URL    = {ftp://math.feld.cvut.cz/olsak/vlna/},
}

@MANUAL{ grafman,
  TITLE =  {Grafický manuál identity Českého vysokého učení technického v Praze},
  NOTE=    {Reklamní a umělecká agentura Klubko 55.
            \url{http://www.cvut.cz/informace-pro-media/graficky-manual}},
  KEY = {grafman},
}

@MANUAL{ zyka,
  TITLE =  {FELthesis -- \LaTeX{} templates for thesis on CTU FEL},
  AUTHOR = {Vít Zýka},
  YEAR =   {2012},
  URL  =   {http://zyka.net/felthesis/felthesis.zip},
}

